%YAML 1.1
%TAG !u! tag:unity3d.com,2011:
--- !u!1 &177716
GameObject:
  m_ObjectHideFlags: 0
  m_PrefabParentObject: {fileID: 0}
  m_PrefabInternal: {fileID: 100100000}
  serializedVersion: 4
  m_Component:
  - 4: {fileID: 477716}
  - 212: {fileID: 21277716}
  - 114: {fileID: 11477716}
  - 50: {fileID: 5041550}
  - 60: {fileID: 6090526}
  m_Layer: 0
  m_Name: RedEnemy
  m_TagString: Enemy
  m_Icon: {fileID: 0}
  m_NavMeshLayer: 0
  m_StaticEditorFlags: 0
  m_IsActive: 1
--- !u!4 &477716
Transform:
  m_ObjectHideFlags: 1
  m_PrefabParentObject: {fileID: 0}
  m_PrefabInternal: {fileID: 100100000}
  m_GameObject: {fileID: 177716}
  m_LocalRotation: {x: 0, y: 0, z: 0, w: 1}
  m_LocalPosition: {x: 0, y: 1.75, z: 0}
  m_LocalScale: {x: 1, y: 1, z: 1}
  m_Children: []
  m_Father: {fileID: 0}
  m_RootOrder: 0
--- !u!50 &5041550
Rigidbody2D:
  m_ObjectHideFlags: 1
  m_PrefabParentObject: {fileID: 0}
  m_PrefabInternal: {fileID: 100100000}
  m_GameObject: {fileID: 177716}
  m_Mass: 1
  m_LinearDrag: 0
  m_AngularDrag: .0500000007
  m_GravityScale: 1
  m_FixedAngle: 0
  m_IsKinematic: 0
  m_Interpolate: 0
  m_SleepingMode: 1
  m_CollisionDetection: 0
--- !u!60 &6090526
PolygonCollider2D:
  m_ObjectHideFlags: 1
  m_PrefabParentObject: {fileID: 0}
  m_PrefabInternal: {fileID: 100100000}
  m_GameObject: {fileID: 177716}
  m_Enabled: 1
  m_Material: {fileID: 0}
  m_IsTrigger: 0
  m_Poly:
    m_Paths:
    - - {x: .330000013, y: -.230000004}
      - {x: .379999995, y: -.140000001}
      - {x: .600000024, y: -.230000004}
      - {x: .649999976, y: -.109999999}
      - {x: .74000001, y: -.0599999987}
      - {x: .879999995, y: -.0900000036}
      - {x: .889999986, y: -.0599999987}
      - {x: .889999986, y: -.0199999996}
      - {x: .790000021, y: .0700000003}
      - {x: .469999999, y: .25}
      - {x: .200000003, y: .349999994}
      - {x: .119999997, y: .349999994}
      - {x: .0900000036, y: .300000012}
      - {x: -.00999999978, y: .25}
      - {x: -.200000003, y: .280000001}
      - {x: -.340000004, y: .270000011}
      - {x: -.409999996, y: .370000005}
      - {x: -.529999971, y: .370000005}
      - {x: -.589999974, y: .360000014}
      - {x: -.819999993, y: .119999997}
      - {x: -.879999995, y: .0299999993}
      - {x: -.889999986, y: 0}
      - {x: -.889999986, y: -.100000001}
      - {x: -.870000005, y: -.109999999}
      - {x: -.699999988, y: -.0700000003}
      - {x: -.680000007, y: -.180000007}
      - {x: -.620000005, y: -.200000003}
      - {x: -.540000021, y: -.219999999}
      - {x: -.349999994, y: -.370000005}
      - {x: -.0900000036, y: -.370000005}
      - {x: .0500000007, y: -.239999995}
      - {x: .140000001, y: -.129999995}
      - {x: .289999992, y: -.25}
--- !u!114 &11477716
MonoBehaviour:
  m_ObjectHideFlags: 1
  m_PrefabParentObject: {fileID: 0}
  m_PrefabInternal: {fileID: 100100000}
  m_GameObject: {fileID: 177716}
  m_Enabled: 1
  m_EditorHideFlags: 0
  m_Script: {fileID: 11500000, guid: de22df26d521ef84abc9c93693f137e6, type: 3}
  m_Name: 
  m_EditorClassIdentifier: 
  sprites:
  - {fileID: 21300000, guid: 2f77e2b5c56774d588bce40e4b804f43, type: 3}
  - {fileID: 21300004, guid: 2f77e2b5c56774d588bce40e4b804f43, type: 3}
  - {fileID: 21300000, guid: 2f77e2b5c56774d588bce40e4b804f43, type: 3}
  - {fileID: 21300002, guid: 2f77e2b5c56774d588bce40e4b804f43, type: 3}
  framesPerSecond: 10
  cat: {fileID: 0}
--- !u!212 &21277716
SpriteRenderer:
  m_ObjectHideFlags: 1
  m_PrefabParentObject: {fileID: 0}
  m_PrefabInternal: {fileID: 100100000}
  m_GameObject: {fileID: 177716}
  m_Enabled: 1
  m_CastShadows: 0
  m_ReceiveShadows: 0
  m_LightmapIndex: 255
  m_LightmapTilingOffset: {x: 1, y: 1, z: 0, w: 0}
  m_Materials:
  - {fileID: 10754, guid: 0000000000000000e000000000000000, type: 0}
  m_SubsetIndices: 
  m_StaticBatchRoot: {fileID: 0}
  m_UseLightProbes: 0
  m_LightProbeAnchor: {fileID: 0}
  m_ScaleInLightmap: 1
  m_SortingLayerID: 0
  m_SortingOrder: 0
  m_Sprite: {fileID: 21300000, guid: 2f77e2b5c56774d588bce40e4b804f43, type: 3}
  m_Color: {r: 1, g: 1, b: 1, a: 1}
--- !u!1001 &100100000
Prefab:
  m_ObjectHideFlags: 1
  serializedVersion: 2
  m_Modification:
    m_TransformParent: {fileID: 0}
    m_Modifications: []
    m_RemovedComponents: []
  m_ParentPrefab: {fileID: 0}
  m_RootGameObject: {fileID: 177716}
  m_IsPrefabParent: 1
  m_IsExploded: 1
